<?xml version="1.0" encoding="UTF-8"?><collection xmlns="http://www.loc.gov/MARC21/slim"><record><leader>00617nam--2200205-u-4500</leader><controlfield tag="001">000053128</controlfield><controlfield tag="002">20161230</controlfield><controlfield tag="005">20161230201051</controlfield><controlfield tag="008">110106s1000------------r-----000-0-eng-d</controlfield><datafield ind1=" " ind2=" " tag="020"><subfield code="a">0750303832</subfield></datafield><datafield ind1=" " ind2=" " tag="040"><subfield code="a">IFIN-HH</subfield></datafield><datafield ind1=" " ind2=" " tag="080"><subfield code="a">539.12:535[14:35]</subfield></datafield><datafield ind1="1" ind2=" " tag="100"><subfield code="a">Green, M.G</subfield></datafield><datafield ind1="1" ind2="0" tag="245"><subfield code="a">Electron-positron physics at the z</subfield><subfield code="c">M.g. green; s.l. lloyd; p.n. ratoff; d.r. ward</subfield></datafield><datafield ind1=" " ind2=" " tag="260"><subfield code="a">PHILADELPHIA</subfield><subfield code="b">Institute Of Physics Publishing</subfield><subfield code="c">1998</subfield></datafield><datafield ind1=" " ind2=" " tag="300"><subfield code="a">383P</subfield></datafield><datafield ind1=" " ind2=" " tag="490"><subfield code="a">Studies In High Energy Physics, Cosmology And Gravitation</subfield></datafield><datafield ind1="1" ind2=" " tag="700"><subfield code="a">Ward, D.R</subfield></datafield><datafield ind1=" " ind2=" " tag="852"><subfield code="a">81462</subfield><subfield code="c">539.12</subfield></datafield><datafield ind1=" " ind2=" " tag="CAT"><subfield code="a">Sys</subfield><subfield code="c">20110106</subfield><subfield code="h">132531</subfield></datafield></record></collection>